<?xml version="1.0" encoding="UTF-8"?><collection xmlns="http://www.loc.gov/MARC21/slim"><record><leader>00528nam--2200193-u-4500</leader><controlfield tag="001">000053715</controlfield><controlfield tag="002">20161230</controlfield><controlfield tag="005">20161230201051</controlfield><controlfield tag="008">110531s1000------------r-----000-0-rus-d</controlfield><datafield ind1=" " ind2=" " tag="040"><subfield code="a">IFIN-HH</subfield></datafield><datafield ind1=" " ind2=" " tag="041"><subfield code="a">rus</subfield></datafield><datafield ind1=" " ind2=" " tag="080"><subfield code="a">531.19:536.7</subfield></datafield><datafield ind1="1" ind2=" " tag="100"><subfield code="a">Zelenev, B.V</subfield></datafield><datafield ind1="1" ind2="0" tag="245"><subfield code="a">Teoria vozmusenii i psevdopotential v statisticeskoi termidinamike</subfield><subfield code="c">B.v. zelenev; g.e. norman; v.c. filinov</subfield></datafield><datafield ind1=" " ind2=" " tag="260"><subfield code="a">Moskva</subfield><subfield code="b">Nauka</subfield><subfield code="c">1981</subfield></datafield><datafield ind1=" " ind2=" " tag="300"><subfield code="a">187P</subfield></datafield><datafield ind1="1" ind2=" " tag="700"><subfield code="a">Filinov, V.C</subfield></datafield><datafield ind1=" " ind2=" " tag="852"><subfield code="a">70076</subfield><subfield code="c">536.7</subfield></datafield><datafield ind1=" " ind2=" " tag="CAT"><subfield code="a">Sys</subfield><subfield code="c">20110531</subfield><subfield code="h">164017</subfield></datafield></record></collection>